
@inproceedings{heusel2017,
 author = {Heusel, Martin and Ramsauer, Hubert and Unterthiner, Thomas and Nessler, Bernhard and Hochreiter, Sepp},
 booktitle = {Advances in Neural Information Processing Systems},
 pages = {},
 publisher = {Curran Associates, Inc.},
 title = {GANs Trained by a Two Time-Scale Update Rule Converge to a Local Nash Equilibrium},
 volume = {30},
 year = {2017}
}
 url = {https://proceedings.neurips.cc/paper/2017/file/8a1d694707eb0fefe65871369074926d-Paper.pdf},
 editor = {I. Guyon and U. Von Luxburg and S. Bengio and H. Wallach and R. Fergus and S. Vishwanathan and R. Garnett},

@Article{wang2019,
author={Wang, Ruoyao
and Fang, Zhenghan
and Gu, Jiaqi
and Guo, Yi
and Zhou, Shicong
and Wang, Yuanyuan
and Chang, Cai
and Yu, Jinhua},
title={High-resolution image reconstruction for portable ultrasound imaging devices},
journal={EURASIP Journal on Advances in Signal Processing},
year={2019},
month={Nov},
day={27},
volume={2019},
number={1},
pages={56},
issn={1687-6180},
}
doi={10.1186/s13634-019-0649-x},
url={https://doi.org/10.1186/s13634-019-0649-x}

@misc{fiorentino2022-DLUSFetalImaging,
  author = {Fiorentino, Maria Chiara and Villani, Francesca Pia and Di Cosmo, Mariachiara and Frontoni, Emanuele and Moccia, Sara},
  keywords = {Image and Video Processing (eess.IV), Computer Vision and Pattern Recognition (cs.CV), Machine Learning (cs.LG), FOS: Electrical engineering, electronic engineering, information engineering, FOS: Electrical engineering, electronic engineering, information engineering, FOS: Computer and information sciences, FOS: Computer and information sciences},
  title = {A Review on Deep-Learning Algorithms for Fetal Ultrasound-Image Analysis},
  publisher = {arXiv},
  archivePrefix = {arXiv},
  eprint = {2201.12260},
  year = {2022},
  copyright = {Creative Commons Attribution Non Commercial Share Alike 4.0 International}
}
  doi = {10.48550/ARXIV.2201.12260},  
  url = {https://arxiv.org/abs/2201.12260},


@article{kumar2021empirical,
  title={Empirical Analysis of Deep Convolutional Generative Adversarial Network for Ultrasound Image Synthesis},
  author={Kumar, Dheeraj and Mehta, Mayuri A and Chatterjee, Indranath},
  journal={The Open Biomedical Engineering Journal},
  volume={15},
  number={1},
  year={2021}
}

@article{FRIDADAR2018321,
title = {GAN-based synthetic medical image augmentation for increased CNN performance in liver lesion classification},
journal = {Neurocomputing},
volume = {321},
pages = {321-331},
year = {2018},
issn = {0925-2312},
author = {Maayan Frid-Adar and Idit Diamant and Eyal Klang and Michal Amitai and Jacob Goldberger and Hayit Greenspan},
keywords = {Image synthesis, Data augmentation, Convolutional neural networks, Generative adversarial network, Deep learning, Liver lesions, Lesion classification},
}
doi = {https://doi.org/10.1016/j.neucom.2018.09.013},
url = {https://www.sciencedirect.com/science/article/pii/S0925231218310749},

@INPROCEEDINGS{radford2016unsupervised,
      title={Unsupervised Representation Learning with Deep Convolutional Generative Adversarial Networks}, 
      author={Alec Radford and Luke Metz and Soumith Chintala},
      year={2016},
      booktitle = {International Conference on Learning Representations},
      eprint={1511.06434},
      archivePrefix={arXiv},
      primaryClass={cs.LG}
}

@INPROCEEDINGS{lee2022-gans-us,
  author={Lee, Lok Hin and Noble, J. Alison},
  booktitle={2020 IEEE 17th International Symposium on Biomedical Imaging (ISBI)}, 
  title={Generating Controllable Ultrasound Images of the Fetal Head}, 
  year={2020},
  volume={},
  number={},
  pages={1761-1764},
}
  doi={10.1109/ISBI45749.2020.9098578}

@Article{fujioka2019-gans-us,
AUTHOR = {Fujioka, Tomoyuki and Mori, Mio and Kubota, Kazunori and Kikuchi, Yuka and Katsuta, Leona and Adachi, Mio and Oda, Goshi and Nakagawa, Tsuyoshi and Kitazume, Yoshio and Tateishi, Ukihide},
TITLE = {Breast Ultrasound Image Synthesis using Deep Convolutional Generative Adversarial Networks},
JOURNAL = {Diagnostics},
VOLUME = {9},
YEAR = {2019},
NUMBER = {4},
ARTICLE-NUMBER = {176},
PubMedID = {31698748},
ISSN = {2075-4418},
}
URL = {https://www.mdpi.com/2075-4418/9/4/176},
DOI = {10.3390/diagnostics9040176}


@INPROCEEDINGS{tom-gans-us,
  author={Tom, Francis and Sheet, Debdoot},
  booktitle={2018 IEEE 15th International Symposium on Biomedical Imaging}, 
  title={Simulating patho-realistic ultrasound images using deep generative networks with adversarial learning}, 
  year={2018},
  volume={},
  number={},
  pages={1174-1177},
}
  doi={10.1109/ISBI.2018.8363780}

@InProceedings{hu2017-gans-us,
author="Hu, Yipeng
and Gibson, Eli
and Lee, Li-Lin
and Xie, Weidi
and Barratt, Dean C.
and Vercauteren, Tom
and Noble, J. Alison",
title="Freehand Ultrasound Image Simulation with Spatially-Conditioned Generative Adversarial Networks",
booktitle="Molecular Imaging, Reconstruction and Analysis of Moving Body Organs, and Stroke Imaging and Treatment",
year="2017",
isbn="978-3-319-67564-0"
}
pages="105--115",
publisher="Springer International Publishing",
address="Cham",

@article{KAZEMINIA2020gans,
title = {GANs for medical image analysis},
journal = {Artificial Intelligence in Medicine},
volume = {109},
pages = {101938},
year = {2020},
issn = {0933-3657},
author = {Salome Kazeminia and Christoph Baur and Arjan Kuijper and Bram {van Ginneken} and Nassir Navab and Shadi Albarqouni and Anirban Mukhopadhyay},
keywords = {Generative adversarial networks, Deep learning, Medical imaging, Survey},
}
doi = {https://doi.org/10.1016/j.artmed.2020.101938},
url = {https://www.sciencedirect.com/science/article/pii/S0933365719311510},

@article{vandenHeuvel2018,
    author = {van den Heuvel, Thomas L. A. AND de Bruijn, Dagmar AND de Korte, Chris L. AND Ginneken, Bram van},
    journal = {PLOS ONE},
    publisher = {Public Library of Science},
    title = {Automated measurement of fetal head circumference using 2D ultrasound images},
    year = {2018},
    month = {08},
    volume = {13},
    pages = {1-20},
    number = {8}
}
    url = {https://doi.org/10.1371/journal.pone.0200412},
    doi = {10.1371/journal.pone.0200412},


@misc{skandarani2021gans,
      title={GANs for Medical Image Synthesis: An Empirical Study}, 
      author={Youssef Skandarani and Pierre-Marc Jodoin and Alain Lalande},
      year={2021},
      eprint={2105.05318},
      archivePrefix={arXiv},
      primaryClass={eess.IV}
}

@article{singh2018,
   author = {Prerna Singh and Ramakrishnan Mukundan and Rex De Ryke},
   issn = {2313433X},
   issue = {1},
   journal = {Journal of Imaging},
   keywords = {Image quality assessment,Local binary patterns,Speckle noise,Synthetic ultrasound images,Texture features,Ultrasound image analysis},
   publisher = {MDPI Multidisciplinary Digital Publishing Institute},
   title = {Texture based quality analysis of simulated synthetic ultrasound images using local binary patterns},
   volume = {4},
   year = {2018},
}
  doi = {10.3390/jimaging4010003},


